@inproceedings{devlin-etal-2019-bert,
	title = "{BERT}: Pre-training of Deep Bidirectional Transformers for Language Understanding",
	author = "Devlin, Jacob  and
	Chang, Ming-Wei  and
	Lee, Kenton  and
	Toutanova, Kristina",
	booktitle = "Proceedings of the 2019 Conference of the North {A}merican Chapter of the Association for Computational Linguistics: Human Language Technologies, Volume 1 (Long and Short Papers)",
	month = jun,
	year = "2019",
	address = "Minneapolis, Minnesota",
	publisher = "Association for Computational Linguistics",
	url = "https://www.aclweb.org/anthology/N19-1423",
	doi = "10.18653/v1/N19-1423",
	pages = "4171--4186",
	abstract = "We introduce a new language representation model called BERT, which stands for Bidirectional Encoder Representations from Transformers. Unlike recent language representation models (Peters et al., 2018a; Radford et al., 2018), BERT is designed to pre-train deep bidirectional representations from unlabeled text by jointly conditioning on both left and right context in all layers. As a result, the pre-trained BERT model can be fine-tuned with just one additional output layer to create state-of-the-art models for a wide range of tasks, such as question answering and language inference, without substantial task-specific architecture modifications. BERT is conceptually simple and empirically powerful. It obtains new state-of-the-art results on eleven natural language processing tasks, including pushing the GLUE score to 80.5 (7.7 point absolute improvement), MultiNLI accuracy to 86.7{\%} (4.6{\%} absolute improvement), SQuAD v1.1 question answering Test F1 to 93.2 (1.5 point absolute improvement) and SQuAD v2.0 Test F1 to 83.1 (5.1 point absolute improvement).",
}

@article{Tan2020,
	archivePrefix = {arXiv},
	arxivId = {1908.07490},
	author = {Tan, Hao and Bansal, Mohit},
	doi = {10.18653/v1/d19-1514},
	eprint = {1908.07490},
	file = {:C\:/Users/maryam/AppData/Local/Mendeley Ltd./Mendeley Desktop/Downloaded/Tan, Bansal - 2020 - LXMert Learning cross-modality encoder representations from transformers.pdf:pdf},
	isbn = {9781950737901},
	journal = {EMNLP-IJCNLP 2019 - 2019 Conference on Empirical Methods in Natural Language Processing and 9th International Joint Conference on Natural Language Processing, Proceedings of the Conference},
	pages = {5100--5111},
	title = {{LXMert: Learning cross-modality encoder representations from transformers}},
	year = {2020}
}


